<?xml version="1.0" encoding="utf-8"?>
<record xmlns="http://www.loc.gov/MARC21/slim" xmlns:xsi="http://www.w3.org/2001/XMLSchema-instance" xsi:schemaLocation="http://www.loc.gov/MARC21/slim http://www.loc.gov/standards/marcxml/schema/MARC21slim.xsd">
	<leader>     nam a22     Mi 4500</leader>
	<controlfield tag="001">4825993</controlfield>
	<controlfield tag="003">NNC</controlfield>
	<controlfield tag="006">m        d        </controlfield>
	<controlfield tag="007">cr cn |||m|||a</controlfield>
	<controlfield tag="008">190404m19539999ua      o     000 0 ara  </controlfield>
	<datafield ind1=" " ind2=" " tag="040">
		<subfield code="a">ZYU</subfield>
		<subfield code="b">ara</subfield>
		<subfield code="e">rda</subfield>
		<subfield code="c">ZYU</subfield>
	</datafield>
	<datafield ind1="0" ind2="4" tag="050">
		<subfield code="a">PJ6696.Z8</subfield>
		<subfield code="b">M3</subfield>
	</datafield>
	<datafield ind1="0" ind2=" " tag="082">
		<subfield code="a">297.12203</subfield>
		<subfield code="2">22</subfield>
	</datafield>
	<datafield ind1="2" ind2=" " tag="110">
		<subfield code="6">880-01</subfield>
		<subfield code="a">Majmaʻ al-Lughah al-ʻArabīyah (Cairo, Egypt)</subfield>
	</datafield>
	<datafield ind1="1" ind2="0" tag="245">
		<subfield code="6">880-02</subfield>
		<subfield code="a">Muʻjam alfāẓ al-Qurʼān al-Karīm.</subfield>
	</datafield>
	<datafield ind1=" " ind2=" " tag="260">
		<subfield code="6">880-03</subfield>
		<subfield code="a">al-Qāhirah</subfield>
		<subfield code="b">al-maṭbaʻah al-Amīrīyah,</subfield>
		<subfield code="c">[1953]-</subfield>
	</datafield>
	<datafield ind1=" " ind2=" " tag="300">
		<subfield code="a">online resource (volumes)</subfield>
	</datafield>
	<datafield ind1=" " ind2=" " tag="336">
		<subfield code="a">text</subfield>
		<subfield code="2">rdacontent</subfield>
	</datafield>
	<datafield ind1=" " ind2=" " tag="337">
		<subfield code="a">computer</subfield>
		<subfield code="2">rdamedia</subfield>
	</datafield>
	<datafield ind1=" " ind2=" " tag="338">
		<subfield code="a">online resource</subfield>
		<subfield code="2">rdacarrier</subfield>
	</datafield>
	<datafield ind1=" " ind2=" " tag="500">
		<subfield code="a">Vol. 5 published by Dār al-katīb al-ʻArabī.</subfield>
	</datafield>
	<datafield ind1=" " ind2=" " tag="500">
		<subfield code="a">At head of title: Majmaʻ al-lughah al-ʻArabīyah.</subfield>
	</datafield>
	<datafield ind1=" " ind2=" " tag="500">
		<subfield code="a">Part of the Arabic Collections Online (ACO) project, contributed by Columbia University Libraries.</subfield>
	</datafield>
	<datafield ind1="0" ind2=" " tag="505">
		<subfield code="a">al-Juzʼ 1. al-hamzah-al-thāʼ- al--Juzʼ 2. al-jīm-al-dhāl- al--Juzʼ 3. al-rāʼ-al-sīn-al--Juzʼ 4. al-shīn-al-fāʼ, iʻdād Amīn al-Khūlī- al--Juzʼ 5. al-qāf- al-lām iʻdād Ḥamd̄ ʻAbd al-Qādir.</subfield>
	</datafield>
	<datafield ind1=" " ind2=" " tag="533">
		<subfield code="a">Electronic reproduction.</subfield>
		<subfield code="b">New York, N.Y. :</subfield>
		<subfield code="c">New York University,</subfield>
		<subfield code="d">2019.</subfield>
		<subfield code="5">NNU</subfield>
	</datafield>
	<datafield ind1="0" ind2="0" tag="630">
		<subfield code="a">Qurʼan</subfield>
		<subfield code="v">Glossaries, vocabularies, etc.</subfield>
	</datafield>
	<datafield ind1="0" ind2="7" tag="630">
		<subfield code="a">Qurʼan.</subfield>
		<subfield code="2">fast</subfield>
		<subfield code="0">(OCoLC)fst01842877</subfield>
	</datafield>
	<datafield ind1=" " ind2="7" tag="655">
		<subfield code="a">Glossaries, vocabularies, etc.</subfield>
		<subfield code="2">fast</subfield>
		<subfield code="0">(OCoLC)fst01423786</subfield>
	</datafield>
	<datafield ind1="2" ind2=" " tag="710">
		<subfield code="a">Columbia University.</subfield>
		<subfield code="b">Libraries.</subfield>
	</datafield>
	<datafield ind1="0" ind2=" " tag="730">
		<subfield code="a">Arabic Collections Online.</subfield>
	</datafield>
	<datafield ind1="0" ind2="8" tag="776">
		<subfield code="i">Online version:</subfield>
		<subfield code="a">Majmaʻ al-Lughah al-ʻArabīyah (Cairo, Egypt).</subfield>
		<subfield code="t">Muʻjam alfāẓ al-Qurʼān al-Karīm.</subfield>
		<subfield code="d">al-Qāhirah al-maṭbaʻah al-Amīrīyah [1953-</subfield>
		<subfield code="w">(OCoLC)560913246</subfield>
	</datafield>
	<datafield ind1="0" ind2="8" tag="776">
		<subfield code="i">Print version:</subfield>
		<subfield code="a">Majmaʻ al-Lughah al-ʻArabīyah (Cairo, Egypt)</subfield>
		<subfield code="t">Muʻjam alfāẓ al-Qurʼān al-Karīm</subfield>
		<subfield code="w">(NNC)4825993</subfield>
		<subfield code="w">(DLC)   58047899 </subfield>
		<subfield code="w">(OCoLC)8005009</subfield>
	</datafield>
	<datafield ind1="4" ind2="0" tag="856">
		<subfield code="u">http://hdl.handle.net/2333.1/5dv41wwz</subfield>
	</datafield>
	<datafield ind1="2" ind2=" " tag="880">
		<subfield code="6">110-01</subfield>
		<subfield code="a">مجمع اللغة العربية (القاهرة، مصر)</subfield>
	</datafield>
	<datafield ind1="1" ind2="0" tag="880">
		<subfield code="6">245-02</subfield>
		<subfield code="a">معجم ألفاظ القرآن الكريم.</subfield>
	</datafield>
	<datafield ind1=" " ind2=" " tag="880">
		<subfield code="6">260-03</subfield>
		<subfield code="a">القاهرة :</subfield>
		<subfield code="b">المطبعة الأميرية،</subfield>
		<subfield code="c">[1953]-</subfield>
	</datafield>
	<datafield ind1=" " ind2=" " tag="959">
		<subfield code="a">NNU</subfield>
		<subfield code="b">WEB</subfield>
		<subfield code="c">GENI</subfield>
		<subfield code="t">0</subfield>
		<subfield code="m">Electronic access</subfield>
		<subfield code="s">01</subfield>
	</datafield>
	<datafield ind1=" " ind2=" " tag="999">
		<subfield code="i">NNC_4825993</subfield>
		<subfield code="o">(OCoLC)ocm08005009</subfield>
		<subfield code="s">columbia_aco003488:v.1</subfield>
		<subfield code="s">columbia_aco003791:v.2</subfield>
		<subfield code="s">columbia_aco003792:v.3</subfield>
		<subfield code="e">(ERROR-880)</subfield>
		<subfield code="s">columbia_aco003488:v.1</subfield>
		<subfield code="s">columbia_aco003791:v.2</subfield>
		<subfield code="s">columbia_aco003792:v.3</subfield>
	</datafield>
</record>
